3198 5136
287 399 436 464 INDEX
461 399 732 464 SATIRARUM
754 403 810 467 ΕΤ
832 401 1171 468 EPISTOLARUM.

260 571 318 620 Ulls
328 571 421 634 sijuris
431 569 478 620 tibi
489 570 600 635 pejereti,
613 568 639 617 C.
652 569 689 620 11.
701 571 752 621 riii.

260 636 330 685 Uxor
340 635 454 700 pauperis
465 635 542 700 Ibyci,
555 635 582 684 0.
596 632 648 684 111.
659 652 699 684 xv.

259 701 338 750 Velox
347 716 479 750 amoenum
489 716 561 764 euepe
573 700 730 758 Lucretilem,
742 702 770 752 C.
783 703 804 752 1.
816 703 874 752 xvii.

259 765 342 823 Viciu,
354 769 383 814 ut
394 765 446 814 slts
457 769 508 814 stet
519 766 576 814 nive
587 765 727 824 csudidum,
737 766 765 816 0.
777 767 799 816 Ι.
810 769 843 817 ix.

259 830 316 880 Vile
326 831 423 894 potabis
435 831 536 880 modicis
547 830 675 888 Sabinum,
685 830 712 880 C.
725 831 747 880 l.
758 848 798 881 xx.

260 895 333 944 Vites
342 895 460 944 hinnuleo
470 910 510 944 me
521 895 615 953 similis,
624 895 708 952 cleos,
722 895 751 946 C.
763 897 786 945 1.
797 897 865 946 xxiii.

259 960 318 1010 Vixi
327 961 416 1025 puellis
426 975 505 1024 nuper
515 961 624 1018 idoneus,
636 960 664 1010 0.
677 961 729 1010 ΙΙΙ.
740 963 806 1012 xxvi.

554 1171 601 1236 ΙΙ.
626 1172 908 1240 SATIRARUM.

259 1319 453 1369 Ambubaiarum
465 1318 574 1382 collegis,
586 1319 794 1382 pharmocopolae,
807 1319 851 1369 lib.
863 1319 885 1368 I.
897 1321 923 1368 ii.

260 1385 392 1448 Egressum
404 1399 496 1447 magus
506 1399 545 1432 me
557 1384 652 1447 excepit
662 1383 746 1433 Aricis
757 1384 843 1442 Romu,
858 1385 901 1433 lib.
914 1384 935 1433 1.
947 1400 971 1433 r.

261 1450 362 1513 llupolis
373 1453 448 1513 etque
460 1449 576 1498 Cratinus
587 1449 811 1512 Aristophanesque
822 1455 916 1512 poetae,
928 1449 971 1498 lib.
984 1450 1005 1499 Ι.
1017 1450 1051 1499 iv.

260 1515 317 1563 Hoc
327 1517 382 1563 erst
392 1515 420 1563 iu
429 1514 506 1562 votis:
523 1514 610 1562 modus
620 1515 675 1578 egri
685 1529 734 1562 non
745 1515 783 1564 ite
794 1529 905 1578 mugnus,
917 1514 960 1562 lib.
973 1515 1009 1564 11.
1020 1517 1053 1564 ri.

261 1579 317 1628 Hoc
326 1595 431 1643 quoque,
442 1578 542 1636 liresis,
554 1582 652 1642 praeter
661 1581 763 1628 nermts
774 1579 877 1642 petenti,
889 1579 930 1628 lib.
945 1579 980 1628 ΙΙ.
993 1597 1017 1629 ι.

260 1644 330 1693 Ibem
342 1645 407 1694 sorte
418 1643 458 1692 rin
470 1643 552 1702 Sucro,
564 1643 628 1692 sicut
639 1658 709 1692 meus
720 1647 757 1693 est
768 1657 827 1700 mos,
839 1644 882 1694 lib.
896 1643 917 1692 Ι.
929 1643 962 1693 ix.

260 1709 277 1758 J
279 1709 412 1758 mududum
424 1708 536 1757 ausculto
547 1713 573 1756 et
584 1708 685 1771 cupiens
695 1708 742 1757 tibi
754 1708 835 1758 dicere
846 1723 938 1768 servus,
950 1709 993 1757 lib.
1004 1709 1042 1759 ΙΙ.
1053 1709 1096 1758 vii.

259 1775 355 1838 Nempe
367 1773 529 1837 incomposito
538 1772 590 1821 dixi
594 1773 662 1885 tpede
673 1788 770 1822 currere
782 1789 873 1832 versus,
884 1773 926 1822 lib.
939 1774 960 1822 1.
971 1790 995 1822 x.

260 1840 318 1889 Nou
329 1839 395 1902 quis,
406 1838 544 1896 bleecenss,
556 1839 577 1885 1.
610 1853 681 1886 orum
692 1837 811 1902 quidquid
823 1838 948 1895 Etruscos,
958 1839 1002 1887 lib.
1014 1837 1036 1886 1.
1047 1839 1080 1886 vi.

259 1903 325 1952 Olim
337 1909 441 1952 truncus
451 1919 518 1952 erum
530 1854 642 1959 florinus,
654 1903 743 1952 inutile
753 1903 857 1966 lignum,
868 1903 913 1952 lib.
925 1904 946 1953 1.
958 1903 1009 1952 viii.

259 1969 380 2018 Omnibus
391 1969 438 2017 hoo
449 1967 539 2016 vitium
551 1972 589 2016 est
599 1967 749 2026 cantoribus,
761 1969 827 2017 inter
838 1969 936 2025 emices,
947 1969 990 2017 lib.
1002 1969 1024 2016 1.
1035 1968 1070 2016 iii.

260 2033 395 2098 Proscripti
408 2033 483 2096 Regis
495 2033 578 2096 Rupili
591 2047 637 2095 pus
648 2035 862 2100 ntqueyenenum,
874 2033 916 2081 lib.
929 2033 950 2081 1.
962 2034 1004 2081 vii.

260 2098 329 2158 Quae
339 2099 419 2147 virtus
429 2104 455 2146 et
466 2102 566 2160 quante,
578 2097 644 2156 boni,
656 2097 690 2146 sit
701 2097 782 2148 vivere
792 2112 874 2160 perro,
886 2098 928 2146 lib.
941 2098 977 2147 11.
987 2099 1015 2146 ii.

259 2164 309 2223 Qui
321 2165 357 2220 lit,
370 2163 506 2220 Maecenas
519 2166 548 2211 ut
559 2177 640 2222 nemo,
649 2177 723 2226 quum
734 2162 780 2210 sibi
791 2165 890 2219 sortem,
900 2163 944 2211 lib.
955 2163 977 2211 1.
989 2163 1006 2212 i.

260 2229 300 2278 Sic
311 2243 367 2277 roro
378 2228 471 2284 scribis,
483 2234 512 2277 ut
523 2231 578 2276 toto
589 2241 637 2275 non
648 2233 737 2290 quater
747 2242 819 2284 suno,
831 2227 874 2276 lib.
885 2227 923 2276 11.
934 2227 969 2275 iii.

261 2293 333 2350 Sunt,
345 2293 434 2356 quibus
444 2293 471 2340 in
481 2293 559 2341 sotira
568 2291 653 2341 videos·
663 2291 736 2340 nimis
746 2307 802 2341 eoer
812 2296 839 2341 et
849 2292 924 2349 ultre,
936 2293 978 2340 lib.
990 2291 1027 2341 11.
1038 2291 1055 2340 i.

261 2357 334 2407 Unde
344 2363 370 2406 et
380 2373 429 2436 quo
439 2357 547 2406 Cutius?
579 2357 638 2405 Nou
649 2360 687 2405 est
697 2357 759 2404 mibi
769 2360 867 2420 tempus
877 2357 969 2416 urenti,
980 2357 1023 2406 lib.
1035 2357 1072 2406 ΙΙ.
1083 2357 1116 2406 iv.

261 2423 298 2472 Ut
308 2422 436 2472 Nasidieni
443 2423 512 2488 juvit
521 2425 548 2472 te
559 2437 634 2472 ooens
644 2422 719 2482 besti,
730 2421 773 2471 lib.
785 2423 822 2472 IL
832 2422 885 2471 viii.

515 2627 583 2693 111.
606 2627 947 2694 EPISTOLARUM.

261 2779 325 2836 Albi,
337 2781 478 2828 nostrorum
489 2793 629 2828 sermonum
640 2779 743 2829 candide
749 2779 836 2843 judex,
847 2779 890 2829 lib.
902 2781 924 2829 1.
936 2781 970 2830 ir.

262 2844 333 2893 Celso
343 2843 450 2906 gsudere
461 2847 487 2892 et
497 2843 559 2892 bene
570 2859 622 2892 rem
634 2859 719 2906 gerere
729 2845 889 2902 Albinovano,
900 2844 943 2893 lib.
956 2844 977 2894 Ι.
989 2846 1042 2894 viii.

262 2907 325 2956 Cum
336 2912 376 2956 tot
387 2907 508 2956 sustineus
519 2913 545 2956 et
556 2912 628 2955 tnnts
639 2908 738 2971 negotis
749 2909 821 2966 solus
833 2908 876 2956 lib.
888 2907 925 2956 ΙΙ.
937 2908 953 2957 Ι.

262 2971 341 3028 Flore,
352 2972 416 3020 bono
427 2971 540 3035 cleroque
550 2971 629 3020 tidelis
639 2973 717 3020 nmice
728 2973 829 3028 Neroni,
841 2973 883 3020 lib.
896 2972 932 3022 11.
944 2972 970 3020 ii.

262 3036 394 3084 Fructibus
404 3035 529 3100 Agrippae
541 3035 637 3092 Siculis,
649 3051 710 3100 quos
717 3036 819 3099 colligis,
832 3035 890 3092 Icci,
904 3037 946 3086 lib.
958 3037 980 3086 1.
991 3037 1034 3085 xii.

262 3101 380 3149 Humano
390 3099 464 3164 copiti
477 3100 595 3150 cervicem
606 3101 686 3164 pictor
697 3101 819 3164 equinum,
829 3102 860 3149 A.
872 3101 902 3150 P.

262 3165 316 3215 Juli
328 3165 406 3222 Flore,
418 3165 506 3228 quibus
516 3169 639 3214 terrerum
651 3165 744 3215 militet
754 3165 810 3222 oris,
822 3165 864 3214 lib.
877 3167 898 3214 1.
909 3165 944 3215 iii.

262 3231 302 3280 Ne
313 3229 470 3294 perconteris,
481 3229 572 3278 flendus
583 3246 660 3288 meus,
671 3231 764 3294 optime
774 3230 870 3288 Quinti,
883 3230 925 3279 lib.
938 3231 960 3280 1.
971 3229 1024 3279 xri.

261 3296 305 3345 Nil
317 3295 433 3344 admimi
444 3311 520 3374 prope
534 3309 574 3344 res
585 3298 623 3344 est
634 3311 691 3352 uns,
703 3295 811 3352 Numici,
823 3295 865 3344 lib.
878 3295 900 3343 l.
911 3296 946 3344 vi.

263 3361 348 3409 Prims
358 3361 423 3410 dicte
435 3359 505 3420 mihi,
517 3376 612 3410 summu
622 3360 725 3410 dicende
736 3359 850 3416 Gemens,
862 3360 905 3409 lib.
917 3361 938 3408 1.
950 3360 967 3409 i.

262 3425 347 3474 Prisco
357 3426 378 3474 si
389 3426 475 3482 credis,
486 3425 616 3474 Mseceues
626 3427 706 3482 docte,
717 3425 827 3482 Cratino,
839 3425 880 3473 lib.
893 3424 916 3474 Ι.
927 3426 976 3474 xix.

261 3491 331 3551 Quae
342 3491 376 3540 sit
386 3490 465 3540 biems
477 3489 567 3548 Veline,
579 3491 644 3555 quod
654 3491 757 3548 caelum,
770 3489 839 3547 Vols,
852 3490 954 3547 Salerni,
965 3490 1008 3539 lib.
1020 3491 1040 3538 Ι.
1052 3506 1093 3539 xv.

262 3555 388 3616 Quemvis,
401 3555 500 3612 Serene,
512 3555 571 3604 sutis
588 3571 631 3619 per
643 3560 669 3604 te
679 3555 725 3603 tibi
736 3555 850 3612 consulis,
862 3559 888 3604 et
904 3555 958 3612 sois,
970 3556 1012 3604 lib.
1025 3557 1046 3605 1.
1058 3557 1120 3604 xvii.

263 3621 330 3680 Quid
340 3621 387 3669 tibi
398 3621 450 3669 visu
462 3619 543 3676 Chios,
557 3621 658 3679 Bullsli,
670 3623 776 3684 notaque
789 3620 887 3678 Lesbos,
900 3620 942 3669 lib.
955 3620 978 3670 Ι.
988 3621 1023 3670 xi.

263 3685 378 3749 Quinque
389 3685 441 3734 dies
452 3685 498 3734 tibi
509 3685 632 3748 pollicitus
643 3700 682 3734 me
695 3701 753 3735 rure
764 3686 884 3742 fleturum,
897 3685 940 3734 lib.
952 3685 974 3735 1.
985 3687 1028 3735 vii.

263 3751 403 3813 Septimius,
416 3749 511 3806 Oleusli,
523 3750 640 3798 nimirum
651 3750 730 3799 intelli
748 3750 770 3798 't
780 3765 853 3808 uuus,
863 3751 907 3799 lib.
918 3751 941 3799 1.
952 3751 985 3800 ix.

264 3815 290 3863 Si
301 3816 363 3864 bene
374 3819 400 3864 te
411 3815 477 3870 novi,
488 3817 590 3871 metues,
601 3815 724 3864 liberrime
773 3815 807 3872 lli,
818 3815 862 3864 lib.
874 3815 896 3865 1.
907 3817 975 3866 xviii.

264 3879 291 3928 Si
301 3886 370 3942 potes
380 3879 508 3930 Archiacis
518 3880 621 3929 convivo
631 3881 772 3930 recumbere
782 3880 860 3938 lectis,
869 3880 912 3929 lib.
925 3881 946 3930 Ι.
958 3898 983 3930 v.

263 3943 362 4008 'hojoni
374 3945 431 3994 belli
442 3945 594 4008 scriptorem,
606 3945 711 3994 maxime
723 3945 793 4002 Lolli,
804 3945 847 3994 lib.
859 3945 919 3994 ·1.ii.

263 4007 339 4059 Urbis
349 4015 484 4059 umstorem
497 4009 603 4058 luscum
614 4009 707 4059 salvem
713 4009 836 4073 jubemus,
848 4010 890 4060 lib.
903 4009 924 4058 l.
936 4025 960 4058 x.

263 4072 300 4122 Ut
314 4073 508 4138 proficiscentem
519 4074 591 4123 docui
605 4079 631 4124 te
642 4089 713 4138 saepe
724 4075 822 4139 diuque,
832 4075 876 4123 lib.
888 4075 910 4122 l.
921 4075 974 4123 xiii.

264 4138 429 4188 Vertumnum
440 4139 458 4188 J
460 4153 589 4202 suumque,
601 4139 669 4196 liber,
680 4143 789 4203 spectare
799 4139 897 4196 videris,
908 4138 951 4187 lib.
964 4139 985 4187 Ι.
997 4155 1038 4188 xx.

264 4202 351 4254 Villice
362 4204 479 4253 ulvarum
488 4209 514 4254 et
525 4205 587 4254 milri
597 4219 637 4254 me
647 4203 773 4254 reddentis
784 4204 865 4269 agelli,
876 4204 919 4252 lib.
932 4203 953 4253 1.
965 4203 1014 4252 xiv.
