3342 5150
282 427 345 488 314
693 424 887 489 HORATII
913 424 1075 488 FLACCI

412 597 500 662 Haec
516 603 550 660 et
565 619 644 682 quae
659 603 813 681 potemmt
828 597 948 661 reditus
962 596 1143 663 abscindere
1158 599 1265 663 dulces
1325 615 1358 663 ³5

455 697 575 759 Eamus
590 695 694 759 omnis
709 701 870 765 exsecrata
883 695 1007 774 civitas,

411 797 480 858 Aut
494 817 566 878 pars
581 793 710 858 indocili
725 793 836 858 melior
850 815 948 878 grege
956 821 966 872 ,·
990 794 1095 858 mollis
1110 801 1143 858 et
1158 817 1268 878 exspes

456 892 638 955 Inominete
652 892 827 976 perprimat
842 892 970 956 cubilia.

412 991 478 1054 Vos
493 989 607 1075 quibus
623 996 671 1054 est
686 989 789 1054 virtus
803 990 990 1054 muliebrem
1005 990 1108 1055 tollite
1123 990 1258 1070 luctum,

454 1090 590 1154 Etrusca
603 1093 726 1172 praeter
741 1095 774 1152 et
789 1089 894 1152 volate
908 1088 1012 1153 litora.

412 1189 480 1250 Nos
496 1193 603 1251 manet
619 1188 763 1251 Oceanus
778 1186 1017 1270 circumvagus:
1042 1209 1127 1265 arva,
1139 1187 1235 1252 beate

455 1287 605 1350 Petamus
619 1308 695 1348 arva
708 1285 825 1349 divites
838 1290 872 1348 et
886 1285 1015 1363 insulas,

412 1383 531 1448 Reddit
545 1383 601 1447 ubi
617 1384 762 1448 Cererem
777 1383 873 1448 tellus
888 1383 1012 1447 inarata
1026 1383 1198 1468 quotannis

455 1484 500 1545 Et
514 1482 674 1565 imputata
688 1481 778 1546 floret
792 1503 890 1565 usque
906 1481 1009 1560 vinea,

415 1581 583 1644 Germinat
597 1587 631 1644 et
645 1602 809 1664 nunquam
824 1579 964 1645 fallentis
979 1585 1094 1644 termes
1110 1579 1221 1658 olivae,
1323 1595 1356 1644 4⁵

457 1681 617 1762 Suemque
632 1678 719 1762 pulla
733 1678 810 1742 fieus
827 1685 920 1742 ornat
935 1679 1089 1756 arborem,

412 1777 512 1842 Mella
526 1798 604 1842 cava
619 1782 752 1840 manant
767 1799 806 1840 ex
821 1776 902 1856 ilice,
917 1776 1080 1840 montibus
1096 1777 1170 1840 altis

456 1873 552 1939 Levis
567 1881 712 1959 crepante
728 1874 860 1960 lympha
874 1874 981 1939 desilit
995 1875 1082 1958 pede.

412 1973 484 2037 Illic
499 1972 636 2057 injussae
651 1973 785 2037 veniunt
800 1973 841 2036 ed
855 1973 991 2037 mulctra
1005 1973 1153 2058 capellae,

455 2071 626 2154 Refertquc
640 2076 732 2136 tenta
745 2093 824 2154 grex
839 2071 959 2135 amicus
975 2072 1089 2149 ubera;

412 2171 480 2233 Nec
497 2169 692 2252 vespertinus
707 2168 928 2252 circumgemit
943 2192 1033 2232 ursus
1049 2169 1140 2247 ovile,

455 2268 567 2351 Neque
583 2266 768 2332 intumescit
782 2267 848 2330 elta
862 2268 978 2351 viperis
992 2268 1118 2331 humus.

412 2366 570 2450 Pluraque
585 2363 690 2429 felices
706 2365 902 2443 mirabimur,
917 2371 955 2428 ut
969 2389 1069 2450 neque
1084 2365 1181 2450 largis

456 2465 603 2546 Aquosus
618 2463 725 2525 Eurus
740 2486 814 2526 arva
829 2463 919 2526 radat
934 2464 1098 2543 imbribus,

412 2561 551 2645 Pinguia
566 2584 623 2626 nec
638 2562 728 2626 siccis
743 2569 878 2626 urantur
892 2563 1014 2627 semina
1028 2563 1143 2648 glebis,

457 2661 639 2744 Utrumque
654 2683 727 2746 rege
743 2667 939 2744 temperante
953 2661 1114 2726 caelitum.

412 2759 489 2823 Non
503 2759 565 2822 huc
580 2761 688 2842 Argoo
703 2759 867 2823 contendit
882 2759 1002 2842 remige
1016 2759 1121 2844 pinus,

456 2858 568 2942 Neque
583 2857 744 2940 impudica
759 2857 885 2922 Colchis
901 2858 1013 2922 intulit
1027 2859 1157 2942 pedem;

411 2957 487 3021 Non
502 2955 564 3020 huc
581 2955 703 3020 Sidonii
718 2961 879 3020 torserunt
893 2979 1009 3020 cornua
1023 2963 1148 3035 nautae,

456 3054 626 3122 Laboriosa
640 3078 697 3120 nec
712 3055 822 3119 cohors
839 3055 957 3119 Ulixei.

413 3153 513 3218 Nulla
528 3160 643 3218 nocent
658 3153 762 3237 pecori
777 3153 936 3236 contegis,
953 3150 1071 3216 nullius
1086 3153 1163 3217 astri

456 3253 595 3335 Gregem
610 3258 754 3316 aestuosa
768 3258 868 3315 torret
882 3250 1082 3334 impotentia.

413 3353 434 3415 J
436 3349 562 3434 uppiter
576 3350 632 3414 illa
645 3351 716 3434 piae
731 3350 865 3414 secrevit
879 3349 973 3414 litore
987 3349 1090 3432 genti,

457 3450 506 3512 Ut
520 3449 701 3532 inquinavit
716 3472 784 3512 aere
799 3455 925 3532 tempus
940 3470 1089 3526 aureum;

412 3547 503 3623 Aere,
520 3545 633 3609 dehinc
648 3545 729 3611 ferro
745 3546 874 3610 duravit
889 3546 1023 3624 saecula,
1038 3569 1171 3630 quorum
1322 3559 1356 3610 65

455 3643 521 3707 Piis
536 3642 672 3708 seeundo
686 3651 758 3708 vate
773 3666 824 3707 me
839 3645 934 3708 datur
947 3645 1036 3728 fuga.

317 3781 370 3846 [42.
386 3780 490 3858 diales]
508 3780 627 3844 Compare
639 3782 667 3831 O.
678 3783 712 3830 iv.
724 3783 747 3831 8.
759 3781 814 3847 aa]
897 3783 970 3842 rum,'
985 3784 1055 3847 virg.
1072 3784 1133 3832 Aen.
1150 3783 1185 3832 iii.
1204 3783 1260 3833 549.
1295 3783 1485 3832 Buten—‘Ia-

315 3849 355 3896 51.
371 3845 540 3911 vesperam]
559 3847 603 3896 See
614 3846 642 3896 C.
650 3846 667 3894 i.
679 3849 702 3895 2.
714 3849 755 3897 45.
773 3847 863 3912 ceorg.
897 3849 1014 3898 borloso?
1027 3849 1175 3912 ‘suffering’
1187 3848 1485 3898 ‘hboriburexercium’

282 3912 317 3962 iii.
329 3913 394 3962 5³8:
412 3911 580 3961 “Nocturnus
596 3912 765 3962 obambulat.”
799 3911 866 3977 [Ho-
901 3914 985 3962 -‘Ut
996 3913 1136 3977 inquinavit
1144 3913 1160 3961 =’
1179 3921 1249 3963 ‘ever
1260 3915 1326 3963 since
1337 3914 1368 3962 he
1379 3913 1486 3962 debaaed

282 3993 345 4035 rece,
358 3977 383 4026 S.
394 3977 411 4025 i.
423 3980 446 4025 3.
459 3977 515 4034 117,
527 3977 577 4026 end
587 3978 613 4026 ii.
624 3979 648 4026 4
660 3977 714 4056 17.]
899 3978 944 4028 the
955 3978 1045 4042 golden
1056 3995 1102 4042 age
1114 3978 1175 4027 with
1187 3978 1308 4044 bronze']

286 4085 288 4088 .
315 4045 355 4093 52.
371 4044 513 4092 {stamar
540 4043 610 4108 alta]
642 4043 752 4107 Doerrug
780 4043 867 4093 tbinlrs
932 4039 986 4107 65.]
1005 4043 1403 4107 ‘Quorum’dependson‘fnffi'
1437 4041 1486 4092 Vr.

281 4108 539 4172 thetmereadingis
557 4108 651 4157 ‘alma'
668 4125 697 4158 or
717 4109 806 4166 ‘atra’
819 4109 867 4157 but
899 4109 941 4166 63,
958 4109 999 4165 64,
1019 4109 1132 4173 Doeriug
1148 4112 1288 4174 transposes
1304 4113 1331 4158 to
1349 4111 1388 4164 58,
1400 4109 1440 4164 54,
1458 4111 1487 4157 to

282 4174 363 4224 ‘alta'
383 4173 404 4222 is
421 4189 437 4222 a
458 4173 564 4224 suitable
581 4174 650 4223 word
668 4178 697 4224 to
715 4189 866 4237 accompany
899 4174 1019 4237 complete
1029 4173 1074 4223 the
1089 4175 1187 4237 picture
1195 4193 1203 4232 ς
1223 4174 1311 4224 buthe
1323 4173 1414 4223 admits
1425 4173 1486 4236 they

282 4239 459 4289 ‘intumescit’
899 4253 941 4286 are
951 4242 996 4287 not
1007 4239 1076 4302 quite
1087 4239 1114 4287 in
1125 4239 1193 4289 their
1205 4239 1273 4303 place
1284 4239 1362 4296 thera,
1380 4238 1430 4287 and
1446 4253 1486 4287 re·

317 4304 371 4370 [58.
387 4307 417 4352 ut
435 4304 526 4369 aeque]
545 4303 590 4352 See
609 4304 636 4353 0.
655 4304 671 4352 i.
690 4305 714 4360 9,
735 4303 819 4351 ‘vides
836 4305 866 4351 ut
899 4301 1012 4353 dundsnt
1024 4319 1073 4369 any
1085 4305 1184 4363 where;
1203 4320 1229 4354 so
1240 4304 1272 4354 he
1288 4319 1404 4368 supposes
1414 4303 1487 4352 them

281 4371 334 4419 alta
351 4405 358 4418 .
377 4405 383 4418 .
401 4405 407 4417 .
425 4371 492 4418 stet!
526 4369 610 4418 Ritter
632 4383 757 4432 comparas
780 4367 807 4415 C.
830 4367 865 4415 iii.
898 4368 1042 4418 tobefrom
1060 4369 1166 4418 another
1182 4369 1257 4428 hand,
1269 4370 1366 4432 though
1381 4373 1426 4418 not
1440 4383 1486 4417 un·

283 4437 307 4482 4.
326 4436 364 4490 13,
388 4433 495 4483 ‘mirum
600 4438 630 4483 ut
652 4438 708 4484 tuto
809 4431 864 4479 dor·
899 4433 1037 4498 worthyof
1054 4433 1158 4484 Horace.
1193 4435 1249 4484 ldo
1267 4439 1311 4484 not
1324 4434 1402 4484 doubt
1417 4433 1486 4483 their

282 4498 402 4562 mirem’]
900 4499 1068 4560 genuineness

316 4561 370 4625 [59.
396 4563 503 4626 corrice]
534 4563 646 4611 ‘Cornua
668 4597 674 4610 .
693 4596 723 4610 ..
748 4565 866 4610 antenna·
