3198 5136
268 409 332 471 734

647 405 795 470 INDEX
819 406 1089 473 CARMINUM.

397 576 545 625 Miserarum
557 581 596 626 est
607 592 685 641 neque
696 577 773 626 amori
785 578 844 626 dere
855 577 940 626 ludum
952 594 1031 642 neque
1042 579 1116 636 dulei,
1129 580 1220 630 c.111.
1231 583 1274 630 xii.

395 641 478 690 Mollia
489 642 579 691 inertia
590 657 635 690 our
646 647 742 690 tantum
755 642 882 691 diffirderit
895 643 958 700 imis,
971 645 991 691 li
1060 646 1109 693 xiv.

395 707 522 756 Montium
533 711 615 756 eustos
627 722 810 770 nemorumque,
823 707 908 770 Virgo,
920 707 948 756 C.
962 709 988 757 ll
1006 745 1012 756 .
1024 710 1083 759 xxii.

396 771 494 822 Motum
506 787 535 820 ex
548 772 649 820 Metello
657 772 756 821 oonsule
766 773 879 830 eivieum,
891 773 919 821 C.
932 773 969 822 11,
981 775 997 822 i.

396 837 475 886 Musis
486 837 579 886 amicus
590 837 717 885 tristitiam
730 841 756 886 et
767 843 856 892 metus.
869 835 896 886 C.
910 838 931 885 1.
943 839 1009 887 xxvi.

394 902 434 951 Ne
445 902 509 951 forte
522 902 606 950 credas
617 901 750 950 interitura
761 918 830 966 quae,
846 903 874 951 C.
887 902 932 950 lV.
943 903 976 952 ix.

395 967 469 1015 Natis
480 967 506 1015 in
517 981 590 1015 usum
605 966 715 1015 laetitiae
727 967 833 1030 scyphis,
843 967 871 1015 C.
884 967 905 1014 l.
917 968 992 1016 xxvii.

394 1032 433 1080 Ne
444 1032 477 1080 sit
488 1031 589 1080 ancillae
601 1031 647 1080 tibi
658 1047 727 1080 amur
738 1032 833 1095 pudori,
845 1031 872 1080 C.
886 1031 922 1080 ll.
934 1033 966 1082 iv.

393 1096 465 1144 Nolis
476 1096 549 1160 longa
558 1095 624 1144 ferae
636 1095 698 1144 bellu
706 1095 866 1153 Numantiae,
879 1097 907 1146 C.
922 1097 957 1144 ll.
969 1097 1011 1146 xii.

393 1161 511 1210 Nondum
523 1161 625 1210 subsuta
635 1161 699 1209 ferre
705 1162 796 1226 jugum
808 1161 882 1216 valet,
893 1162 923 1210 G.
935 1162 971 1210 ll.
983 1179 1007 1211 v.

392 1226 450 1274 Nou
461 1227 523 1274 ebur
533 1241 612 1290 neque
623 1241 733 1282 aureum,
745 1226 773 1275 C.
787 1226 823 1274 ll.
834 1225 901 1274 xviii.

392 1291 452 1339 Non
462 1306 557 1354 semper
568 1291 659 1340 imbres
670 1292 776 1340 nubibus
785 1291 825 1339 his
842 1291 901 1348 idos,
914 1291 942 1341 C.
953 1291 990 1341 11.
1001 1293 1035 1342 ix.

392 1355 450 1404 Non
461 1357 555 1406 usitata
565 1372 611 1405 neo
622 1356 691 1405 tenui
703 1356 776 1414 ferar,
788 1356 815 1404 C.
825 1307 865 1404 il.
878 1372 916 1404 xx.

388 1419 447 1469 Non
458 1421 526 1470 vides
536 1425 630 1485 quanio
641 1437 738 1470 moveas
749 1421 847 1484 periclo,
859 1421 887 1469 C.
903 1421 956 1469 111.
968 1437 1008 1470 xx.
1046 1455 1050 1460 -

392 1486 450 1534 Nux
461 1489 515 1534 erat
526 1491 552 1534 et
562 1487 628 1535 eaelo
639 1486 751 1550 fulgebat
764 1485 836 1534 Luna
846 1501 940 1541 sereno,
953 1486 1031 1549 Epod.
1043 1503 1083 1536 xv.

391 1549 501 1608 Nullam,
515 1551 587 1608 Vere,
599 1566 667 1600 sauro
678 1551 729 1599 vite
740 1551 809 1614 prius
820 1551 910 1600 severis
921 1552 1041 1608 arborem,
1053 1552 1080 1601 O.
1094 1552 1115 1600 1.
1128 1554 1195 1601 xviii.

392 1615 484 1665 Nullus
494 1621 599 1680 urgento
610 1616 676 1664 color
692 1620 729 1665 est
740 1615 828 1671 avaris,
841 1615 869 1664 C.
882 1615 918 1664 11.
930 1615 956 1664 ii.

392 1681 467 1730 Nunc
478 1686 517 1729 est
529 1681 668 1737 bibendum,
680 1696 745 1730 nunc
758 1681 818 1743 pede
829 1681 913 1737 libero,
925 1679 953 1729 C.
965 1680 987 1730 1.
998 1683 1090 1730 mvii.

391 1745 531 1794 Ourudelis
542 1746 622 1794 adhue
633 1749 659 1794 et
671 1745 774 1795 Veneris
788 1745 931 1794 muneribus
942 1751 1037 1808 poiens,
1049 1747 1077 1796 C.
1091 1746 1136 1794 1v.
1148 1763 1172 1795 x.

392 1809 415 1858 Ο
426 1811 491 1868 diva,
508 1815 607 1874 gratum
619 1826 681 1874 quae
692 1811 757 1872 regia
768 1810 879 1866 Antium,
889 1809 917 1860 C.
931 1811 952 1858 1.
963 1827 1036 1859 xxxv.

392 1874 414 1923 0
427 1875 480 1924 fons
492 1875 639 1932 Bandusiae,
650 1875 799 1938 splendidior
809 1875 881 1931 vitro,
894 1874 922 1923 C.
935 1875 986 1926 111.
998 1875 1049 1924 xiii.

391 1939 414 1988 0
425 1945 506 1989 mairo
516 1941 620 2003 pulchra
630 1939 681 1988 iilia
692 1939 824 2003 pulchrior,
836 1940 864 1989 C.
876 1939 898 1987 1.
911 1939 960 1988 xvi.

390 2004 413 2053 0
425 2010 484 2055 nata
494 2021 591 2054 meeum
602 2005 700 2054 musula
711 2005 812 2060 Manlio,
824 2004 851 2054 C.
864 2005 915 2053 111.
926 2005 975 2054 xxi.

391 2070 413 2119 0
424 2071 501 2127 naum,
513 2071 620 2119 referent
631 2071 657 2118 in
668 2085 735 2118 mare
746 2075 772 2118 te
783 2070 848 2126 novi,
859 2069 887 2119 G.
901 2068 923 2117 1.
935 2070 983 2118 xiv.

391 2135 414 2184 Ο
426 2151 497 2198 saepe
509 2151 605 2184 mecum
617 2141 714 2198 tempus
725 2135 751 2183 iu
763 2135 887 2190 ultimum,
900 2135 928 2185 C.
941 2134 978 2183 11.
990 2134 1032 2184 vii.

390 2201 412 2249 0
428 2200 516 2256 Venus,
528 2201 613 2264 regina
625 2200 697 2248 cnidi
710 2199 843 2264 Puphique‚
856 2198 884 2249 C.
896 2199 919 2247 1.
930 2215 985 2248 xxx.

390 2265 438 2314 Odi
449 2265 579 2329 profanum
590 2265 680 2329 vulgus
690 2268 717 2313 et
727 2281 805 2320 eroso,
817 2264 845 2313 C.
858 2263 909 2312 Ill.
922 2264 938 2312 i.

389 2330 474 2379 Otium
487 2331 556 2378 divos
567 2335 638 2394 rogat
650 2329 675 2378 in
685 2334 793 2393 patente,
805 2329 832 2378 (2.
845 2329 881 2377 11.
892 2329 942 2377 xvi.

390 2395 491 2444 Parcius
503 2396 600 2443 ‘unum
611 2395 729 2459 quatiunt
739 2395 866 2450 fenestras,
879 2393 907 2444 0.
919 2393 942 2441 1.
954 2409 1011 2442 xxv.

390 2461 482 2508 Parcus
493 2411 687 2536 deorumhcultor
697 2465 724 2507 et
736 2460 882 2522 infrequens.
895 2458 924 2507 Ο.
936 2458 957 2506 1.
970 2459 1052 2508 xxxiv.

390 2524 505 2573 Parentis
515 2524 574 2573 olim
585 2540 607 2572 as
617 2525 673 2587 quis
684 2524 760 2587 impia
770 2539 853 2579 mauu,
866 2523 943 2586 lipod.
954 2524 990 2572 iii.

389 2590 478 2638 Pastor
489 2605 544 2638 oum
556 2589 668 2638 traheret
678 2604 722 2650 per
733 2589 796 2637 stetu
807 2589 919 2646 navibus,
931 2588 958 2637 C.
971 2589 992 2637 Ι.
1004 2605 1045 2638 xv.

390 2653 502 2704 Pursioos
512 2653 561 2710 odi,
573 2667 641 2716 puer,
653 2656 794 2715 apparatus,
807 2653 836 2702 0.
849 2654 870 2702 1.
882 2654 981 2702 xxxviii.

389 2719 465 2776 Petti,
477 2717 540 2766 nihil
551 2733 590 2766 me
601 2717 666 2767 sieut
676 2722 750 2766 antea
757 2719 838 2781 juvut,
852 2718 927 2781 Epod.
939 2719 972 2767 xi.

389 2783 486 2832 Phoebe
497 2783 662 2846 silvarumque
673 2787 761 2846 potens
774 2783 859 2842 Diana,
875 2783 956 2832 carm.
969 2783 1021 2832 See.

390 2849 503 2898 Phoebus
514 2847 635 2897 volentem
647 2847 739 2911 proelia
750 2863 789 2897 me
799 2847 874 2912 loqui,
886 2847 914 2897 0.
927 2847 973 2896 IV.
985 2864 1024 2896 xv.

391 2913 524 2963 Pindarum
536 2913 646 2977 quisquis
656 2913 741 2962 studet
752 2913 877 2970 aemulari,
889 2913 916 2962 C.
929 2913 975 2961 lv.
986 2913 1012 2960 ii.

390 2979 526 3028 Posuimus.
560 2978 654 3042 Siquid
665 2979 737 3028 vacui
748 2978 793 3027 sub
804 2979 900 3035 umbra,
912 2977 940 3026 C.
952 2977 974 3026 1.
985 2977 1060 3026 mii.

389 3044 458 3104 Quae
470 3059 530 3093 eura
540 3048 640 3106 patrum
651 3059 744 3107 quaeve
754 3043 898 3102 Quiritium,
910 3042 938 3092 C.
950 3042 997 3091 1v.
1009 3042 1059 3091 xiv.

389 3109 493 3169 Qualem
504 3109 646 3158 ministrum
657 3109 768 3156 fulminis
779 3107 871 3162 alitem.
884 3107 913 3156 C.
925 3107 971 3156 IV.
982 3107 1016 3156 iv.

390 3175 495 3233 Quando
506 3179 632 3238 repostum
641 3172 779 3222 Caecubum
790 3173 822 3221 ud
833 3173 910 3221 festu
920 3173 1002 3237 dapes,
1014 3171 1092 3235 llpod
1104 3172 1137 3220 ix.

390 3239 518 3297 Quantum
529 3239 607 3287 distet
617 3239 649 3287 ab
661 3238 760 3294 lnaoho.
773 3238 800 3287 C.
814 3236 865 3285 111.
876 3237 926 3287 xix.

391 3304 471 3364 Quem
482 3307 519 3359 tu,
531 3303 692 3366 Melpomene,
704 3303 787 3357 semel,
799 3301 827 3351 C.
839 3302 885 3350 lv,
896 3302 931 3350 iii.

392 3369 472 3428 Quem
481 3369 562 3417 virum
572 3372 618 3417 aut
628 3368 702 3417 heroa
712 3367 767 3431 lyra
778 3367 816 3415 vel
827 3367 885 3424 sori,
898 3367 925 3415 C.
939 3367 960 3416 1.
972 3367 1015 3416 xii.

390 3433 457 3493 Quid
469 3433 596 3482 bellioosus
608 3433 731 3482 Cantaber
741 3436 767 3481 et
779 3433 891 3497 Scythes,
903 3431 931 3480 C.
944 3430 981 3480 11.
992 3432 1026 3480 xi.

391 3499 456 3557 Quid
468 3499 609 3547 dedicatum
621 3498 700 3560 puscit
711 3497 857 3560 Apollinem,
870 3496 898 3544 C.
911 3497 932 3544 1.
944 3497 1010 3546 arxi.

390 3563 457 3621 Quid
467 3563 518 3619 flea,
530 3563 634 3618 Asterie,
646 3578 719 3626 quem
730 3563 777 3611 tibi
789 3562 895 3617 candidi,
907 3561 934 3610 C.
948 3561 1000 3610 111.
1011 3561 1054 3610 vii.

392 3627 459 3685 Quid
470 3627 626 3676 immerentes
636 3627 745 3691 hospites
757 3643 830 3676 vexes
841 3626 916 3684 uenis,
929 3627 1007 3690 Epod.
1019 3628 1052 3676 vi.

391 3691 458 3750 Quid
469 3692 515 3740 tibi
527 3693 571 3749 vis,
583 3691 672 3741 mulier
683 3693 760 3754 nigris
771 3692 915 3755 dignissima
926 3693 1012 3747 burris,
1026 3691 1103 3755 Epod.
1115 3692 1157 3740 xii.

392 3757 453 3816 Quis
461 3757 583 3806 desiderio
594 3757 627 3804 ait
637 3757 716 3819 pudor
727 3762 771 3806 aut
783 3758 878 3815 modus,
890 3757 918 3807 C.
930 3756 952 3806 Ι.
965 3756 1030 3806 xxiv.

391 3823 452 3882 Quis
463 3821 543 3871 mults
553 3822 652 3884 meilis
664 3827 689 3870 te
700 3837 760 3885 puer
771 3823 797 3869 in
808 3837 871 3878 rosa,
883 3822 912 3872 C.
925 3821 947 3870 1.
958 3837 983 3870 v.

391 3889 447 3947 Quo
457 3903 504 3944 me,
518 3887 622 3943 Bueche,
633 3886 699 3950 rapis
710 3888 756 3943 tui,
769 3887 797 3935 C.
810 3887 861 3934 111.
873 3902 930 3935 xxv.

390 3954 453 4012 Quo,
465 3967 514 4016 quo
524 3952 619 4002 scelesti
630 3951 723 3999 ruitis?
742 3955 786 4000 aut
797 3967 842 4000 eur
853 3950 968 4007 dexteris,
981 3950 1059 4014 Epod.
1071 3950 1113 3998 vii.

392 4018 493 4066 Rectius
504 4016 579 4074 vires,
591 4016 679 4073 Licini,
692 4031 770 4080 neque
779 4016 866 4070 altum,
878 4015 906 4064 C.
919 4015 956 4063 11.
968 4031 992 4064 x.

391 4083 488 4146 Rogare
498 4080 573 4144 longo
584 4082 696 4145 putidam
708 4085 734 4130 te
744 4081 847 4138 saeculo,
860 4080 936 4144 Iipod.
948 4080 999 4129 viii.

391 4145 510 4197 Scriberis
521 4145 597 4194 Vurio
607 4146 679 4195 furtis
689 4151 715 4194 et
725 4145 842 4202 hostium,
854 4143 882 4194 C.
895 4145 916 4194 1.
927 4145 961 4194 vi.

391 4211 504 4275 Septimi,
516 4211 597 4260 Gades
607 4210 705 4259 aditure
716 4225 813 4259 meeum
823 4219 857 4267 et,
870 4209 898 4259 0.
910 4210 947 4260 11.
958 4209 992 4258 vi.

390 4278 431 4326 Sio
442 4281 468 4325 te
478 4275 536 4324 diva
547 4279 633 4340 potens
645 4275 728 4340 Cypri,
740 4275 768 4324 C.
781 4276 802 4325 1.
814 4276 849 4324 iii.

389 4342 500 4390 Solvitur
510 4341 573 4389 soris
583 4340 662 4389 hiems
672 4345 744 4404 grata
756 4341 809 4389 viee
820 4339 884 4388 veris
894 4345 921 4389 et
932 4339 1033 4398 Favoni,
1045 4338 1073 4388 0.
1086 4338 1108 4388 1.
1120 4338 1153 4387 iv.

389 4405 424 4455 'l'e
435 4405 510 4454 maris
521 4411 547 4455 ot
558 4409 638 4454 tarrae
649 4421 797 4468 numeroque
808 4405 914 4454 oarentis
925 4409 1022 4461 manae}
1033 4404 1060 4453 C.
1073 4405 1094 4452 l.
1106 4402 1190 4452 xxviii.

388 4471 426 4520 'ru
437 4486 469 4519 ne
479 4471 618 4533 quaesieris,
630 4471 693 4518 seire
704 4471 779 4527 nefas,
791 4485 864 4533 quem
876 4468 945 4527 mihi,
957 4484 1031 4533 quern
1042 4469 1096 4526 tibi,
1109 4467 1136 4518 C.
1149 4467 1171 4516 l.
1182 4469 1215 4516 xi.

387 4535 515 4598 Tyrrhem
527 4550 614 4598 regum
626 4535 761 4598 progenies,
773 4535 827 4593 tibi.
840 4535 868 4584 C.
880 4533 932 4583 111.
944 4535 1011 4584 xxix.
