3342 5150
296 436 360 498 294

709 430 904 496 HORATII
928 429 1092 494 FLAOOI

718 814 934 888 OARMnN
960 813 1076 888 VIII.

471 1016 607 1078 Rounnn
621 1013 717 1096 longo
731 1012 875 1097 putidam
890 1019 923 1077 te
938 1014 1059 1078 soeculo

513 1112 607 1176 Vires
623 1111 698 1196 quid
713 1115 841 1175 enervet
856 1111 959 1174 messi

472 1211 555 1274 Cum
569 1211 612 1274 sit
626 1210 688 1274 tibi
703 1209 781 1273 dens
796 1215 863 1273 ster
877 1214 910 1273 ct
925 1209 1016 1293 rugis
1030 1214 1122 1274 votus

514 1309 663 1372 Frontem
679 1313 824 1372 senectus
839 1313 955 1386 exoret,

471 1405 612 1490 Hietqne
627 1406 729 1490 turpis
743 1405 828 1469 inter
842 1405 944 1470 aridus
959 1411 1049 1470 natos
1311 1423 1326 1470 5

513 1503 619 1568 Podex
633 1503 722 1567 velut
737 1503 850 1567 crudae
864 1503 963 1568 bovis.

470 1603 532 1667 Sed
546 1601 662 1666 incitat
675 1623 727 1665 me
740 1607 851 1686 pootus
866 1607 900 1666 ct
914 1623 1071 1666 mammae
1086 1607 1203 1684 putres,

513 1699 639 1784 Equina
653 1699 761 1783 quales
775 1699 882 1778 ubera,

467 1798 650 1882 Ventcrque
664 1796 769 1861 mollis
784 1802 817 1861 et
831 1796 934 1861 femur
948 1797 1146 1862 tumentibus

510 1895 603 1959 Exile
617 1895 698 1959 suris
713 1895 867 1960 additum.
1045 1941 1049 1948 -
1294 1913 1326 1959 10

467 1995 546 2059 Esto
561 1992 664 2073 beata,
680 1993 776 2057 funus
791 1999 886 2078 atque
902 1993 1059 2077 imagines

511 2092 641 2156 Ducant
655 2091 864 2175 triumphales
878 2097 984 2170 tuum,

467 2191 537 2254 Neo
551 2189 595 2253 sit
609 2189 725 2254 marito
739 2211 818 2274 quac
832 2189 1068 2254 rotundioribus

496 2288 638 2351 Onusta
651 2287 756 2351 baccis
771 2287 923 2351 ambulet.

468 2383 566 2462 Quid,
581 2385 666 2468 quod
679 2384 779 2449 libelli
795 2384 895 2448 Stoici
909 2385 994 2450 inter
1008 2384 1120 2449 sericos
1294 2401 1326 2448 15

512 2482 533 2545 J
534 2504 621 2548 noers
635 2483 784 2567 pulvillos
799 2489 910 2547 amant
918 2510 928 2561 ς

468 2579 618 2644 Illiterati
632 2604 711 2644 num
726 2581 834 2645 minus
849 2582 938 2646 nervi
952 2581 1068 2666 rigent,

511 2678 661 2744 Minusvc
675 2679 809 2763 languet
824 2679 1005 2745 fascinum?

470 2776 565 2842 Quod
580 2783 617 2842 nt
633 2779 765 2862 superbo
779 2800 929 2862 provoces
944 2780 984 2844 ab
999 2777 1143 2862 inguine,

511 2875 574 2940 Ore
589 2875 827 2941 allabornndum
842 2883 891 2942 cst
906 2877 977 2942 tibi.
1212 2913 1215 2920 ,
1291 2894 1325 2938 20
