3342 5150
558 387 745 453 EPODON
773 389 925 468 LIBER,
951 391 1001 453 la.
1319 394 1382 455 303

350 559 444 624 Unde
459 558 604 643 expedire
619 582 683 624 non
698 559 873 624 amicorum
889 565 1009 644 queant
1219 580 1252 626 25

392 658 508 722 Libera
522 657 653 722 consilia
667 680 725 723 nec
740 659 951 724 contumeliae
966 681 1091 743 graves,

350 756 413 821 Sed
427 756 508 820 alius
523 757 615 820 ardor
627 763 685 820 aut
698 756 821 840 puellae
836 756 987 822 candidae

392 856 460 917 Aut
475 854 584 918 teretis
599 854 687 938 pueri
701 853 832 938 longam
848 851 1030 919 renodantis
1045 876 1178 919 comam.

175 1039 221 1089 See
238 1045 298 1090 note
317 1039 389 1090 onO.
406 1041 423 1088 i.
440 1042 463 1088 1.
481 1042 515 1089 28
535 1039 763 1105 [round-limbo&
796 1039 1159 1105 ‘Dianam’(Argon.r.881).
1187 1042 1382 1092 Asthewordis

174 1107 196 1154 is
217 1105 325 1170 better]
358 1105 393 1153 As
410 1109 437 1154 to
457 1105 571 1168 ‘longam
589 1105 701 1163 comam,'
724 1120 764 1154 see
795 1109 841 1154 not
856 1104 934 1154 found
960 1121 1009 1170 any
1028 1106 1109 1155 where
1130 1106 1187 1163 else,
1205 1108 1312 1171 perhaps
1330 1107 1382 1156 this

175 1169 204 1220 G.
227 1170 261 1218 iv.
288 1173 329 1220 10.
352 1172 410 1219 an.
455 1170 643 1229 ‘Renodantis’
681 1169 763 1218 which
795 1171 881 1219 writer
892 1169 952 1219 toolr
963 1171 985 1220 it
996 1169 1059 1220 from
1077 1171 1182 1228 Horace,
1200 1172 1339 1236 mistalring
1352 1189 1382 1221 or

174 1251 244 1284 some
270 1235 359 1285 render
395 1236 527 1300 ‘untying‚
561 1235 612 1284 and
647 1235 764 1298 showing
795 1235 903 1298 eltering
914 1235 958 1284 the
970 1236 1094 1300 meaning.
1128 1235 1382 1287 Ifind‘renidentis'

175 1305 204 1350 to
214 1301 270 1349 flow
287 1317 353 1364 upon
363 1301 403 1349 his
419 1301 563 1356 shoulders'
575 1315 660 1349 means
675 1300 763 1349 rather
795 1299 873 1349 inthe
881 1301 1004 1350 Venetian
1012 1301 1105 1350 edition
1113 1302 1143 1350 of
1147 1303 1219 1360 148³,
1232 1304 1281 1352 and
1288 1303 1383 1353 denar

176 1367 212 1414 ι’
261 1365 359 1430 upina
375 1366 438 1415 hnot
454 1365 505 1415 lile
523 1381 539 1414 a
557 1366 614 1430 girl.
647 1363 762 1415 Valerius
794 1365 919 1415 mentions
930 1367 988 1416 thet
1005 1367 1110 1430 reading
1125 1367 1188 1416 from
1205 1369 1250 1418 the
1262 1368 1381 1418 Bodleian

251 1447 281 1480 us
291 1444 347 1481 uses
364 1433 386 1480 it
404 1433 430 1479 in
449 1432 493 1480 the
510 1432 583 1480 other
593 1446 671 1488 sense,
684 1430 765 1480 which
798 1430 861 1488 MS„
873 1431 920 1482 but
931 1431 1003 1481 there
1013 1432 1035 1480 is
1042 1447 1075 1480 no
1085 1432 1213 1496 weightto
1223 1434 1254 1484 be
1265 1433 1383 1483 attached

177 1495 281 1545 Porcell.
299 1497 357 1546 does
367 1499 414 1546 not
422 1497 520 1546 notice:
539 1495 646 1560 “Teque
662 1495 765 1544 renoda-
797 1500 826 1545 to
836 1497 866 1544 it.

175 1565 230 1610 tam
252 1561 376 1625 pharetris
404 1576 433 1611 ac
463 1577 523 1625 pace
542 1559 695 1618 fruentem,¹'
719 1560 765 1610 ie.

614 1860 830 1935 CARMEN
855 1860 947 1933 XII.

352 2049 442 2115 Qum
456 2046 518 2112 tibi
532 2046 591 2126 vie,
607 2046 721 2111 mulier
735 2045 837 2129 nigris
852 2044 1042 2129 dignissima
1056 2047 1180 2111 barris?

394 2147 532 2210 Munera
546 2144 625 2229 quid
639 2145 720 2208 mihi
736 2144 853 2229 quidve
867 2144 999 2208 tabellas

351 2245 461 2309 Mittis
476 2266 533 2309 nec
548 2244 639 2307 firmo
649 2243 762 2327 juveni
777 2264 878 2326 neque
892 2242 978 2306 naris
994 2243 1127 2307 obesae?

393 2345 542 2428 Namque
557 2342 703 2426 sagacius
718 2364 801 2405 unus
816 2341 938 2419 odoror,

351 2443 491 2527 Polypus
505 2464 547 2505 an
562 2440 670 2525 gravis
684 2439 816 2504 hirsutis
831 2439 926 2504 cubet
941 2439 1046 2504 hircus
1061 2440 1095 2503 in
1110 2441 1178 2522 alis,
1239 2460 1254 2506 5

397 2541 502 2607 Quam
517 2541 603 2604 cenis
618 2561 688 2604 acer
703 2539 759 2601 ubi
773 2537 874 2602 lateat
888 2561 950 2602 eus.

353 2638 417 2705 Qui
433 2638 526 2702 sudor
540 2637 634 2702 vietis
648 2640 681 2701 et
695 2658 791 2720 quam
806 2636 909 2700 malus
924 2635 1062 2721 undique
1077 2637 1229 2702 membris

395 2735 517 2800 Crescit
531 2735 617 2814 odor,
632 2757 706 2800 oum
719 2757 801 2819 pene
816 2734 919 2800 soluto

351 2834 547 2899 Indomitum
562 2838 709 2918 properat
723 2833 842 2898 rabiem
857 2833 964 2898 sedare
972 2859 983 2912 ‚·
1006 2854 1107 2918 neque
1122 2833 1169 2898 illi

396 2933 417 2996 J
418 2956 470 2997 am
485 2939 594 2997 manet
607 2931 739 2996 humida
753 2937 839 2996 creta
853 2931 998 3014 colorque
1221 2950 1254 2995 lo

355 3034 497 3096 Stercore
512 3032 637 3095 fricatus
652 3029 809 3108 crocodili,
819 3029 949 3112 jamque
965 3029 1107 3093 subando

396 3131 497 3195 Tenta
511 3128 626 3192 cubilia
642 3132 787 3211 tectaque
803 3125 943 3210 rumpitl

353 3227 414 3292 Vel
429 3250 500 3292 mea
514 3249 586 3290 cnm
602 3226 702 3290 saevis
718 3225 822 3309 agitat
836 3223 966 3288 fastidia
980 3222 1104 3288 verbis:

395 3325 528 3390 Inachia
542 3325 681 3408 langues
690 3322 796 3386 minus
811 3344 847 3386 ac
862 3345 932 3399 me;

354 3423 519 3488 Inachiam
534 3429 583 3487 ter
596 3429 687 3487 nocte
702 3427 802 3506 potes,
814 3420 895 3483 mihi
910 3441 1031 3503 semper
1046 3419 1086 3482 ad
1098 3441 1199 3482 unum
1223 3437 1255 3484 15

398 3523 509 3586 Mollis
524 3543 612 3606 opus.
656 3522 769 3585 Pereat
784 3519 866 3583 male
881 3539 960 3602 quae
975 3524 1008 3582 te

355 3620 470 3685 Lesbia
484 3618 647 3704 quaerenti
661 3625 789 3682 taumm
803 3615 995 3680 monstravit
1009 3615 1154 3696 inertem,

398 3720 481 3783 Cum
496 3718 576 3781 mihi
592 3719 676 3782 Cous
690 3717 814 3780 adesset
828 3717 999 3799 Amyntas,

355 3817 456 3901 Cujus
470 3815 504 3879 in
518 3815 675 3879 indomito
689 3813 886 3879 constantior
900 3813 1032 3896 inguine
1047 3835 1162 3878 nervus

399 3915 506 3980 Quam
520 3935 603 3977 nova
617 3912 749 3976 collibus
764 3912 856 3975 arbor
870 3911 1022 3975 inhaeret.
1222 3929 1258 3974 ao

356 4011 537 4076 Muricibus
552 4011 656 4094 Tyriis
670 4009 802 4073 iteratae
817 4008 933 4072 vellera
948 4008 1038 4073 lanne

399 4110 461 4174 cui
475 4109 748 4193 properabantur?
770 4106 843 4170 Tibi
858 4128 982 4189 nempe,

355 4209 407 4272 Ne
422 4208 504 4272 foret
520 4207 663 4291 aequales
679 4206 763 4269 inter
778 4205 913 4269 conviva
927 4203 1032 4287 magis
1046 4223 1141 4285 quem

400 4307 559 4391 Diligeret
573 4306 686 4369 mulier
701 4327 757 4368 sua
772 4326 868 4387 quam
883 4308 926 4365 te.

355 4407 385 4471 0
401 4429 461 4490 ego
476 4429 541 4469 non
556 4405 643 4484 felix,
659 4426 755 4488 quam
770 4409 807 4466 tu
822 4401 910 4485 fugis
924 4405 962 4464 ut
977 4401 1072 4483 pavet
1086 4420 1171 4462 acres
1226 4413 1258 4462 25

401 4507 497 4589 Agna
511 4505 602 4587 lupos
616 4523 804 4587 capreaeque
819 4499 942 4565 leonesl
