3198 5136
584 415 671 478 Ales
695 415 899 480 POETICA.
1279 418 1340 480 725

181 586 234 649 Sic
249 585 330 650 mihi
346 587 401 670 qui
416 586 554 650 multum
570 593 671 651 cessat
685 587 723 650 fit
739 587 903 652 Choerilus
917 587 981 664 ille,

182 686 287 752 Quem
302 685 351 750 bis
366 692 454 754 terve
469 687 587 751 bonum
603 709 676 750 curn
691 687 757 751 risu
771 687 870 751 miror
878 713 888 765 ;
910 692 944 750 et
958 687 1042 750 idem

181 784 338 868 Indignor
352 786 538 870 quandoque
554 785 656 849 bonus
671 785 826 850 dormitat
842 785 1021 861 Homerus;

180 883 302 946 Verum
317 883 403 966 operi
418 884 515 968 longo
529 885 578 947 fas
593 888 642 948 est
657 884 804 968 obrepere
820 905 979 948 somnum.

82 1063 88 1076 ὖ
182 981 231 1045 Ut
245 981 504 1065 picturapoe'sis:
527 982 588 1046 crit
603 1005 683 1067 quae
698 982 725 1046 si
741 981 869 1066 propius
884 987 949 1046 stes

180 1080 224 1144 Te
239 1080 344 1164 capiat
359 1081 474 1162 magis,
489 1086 522 1146 et
537 1081 691 1165 quaedam
707 1081 734 1144 si
748 1079 877 1163 longius
892 1080 1007 1144 abates.

182 1178 270 1242 Haec
285 1185 372 1242 amat
388 1178 568 1257 obscurum,
586 1179 672 1244 volet
687 1179 762 1242 haec
778 1179 837 1241 sub
851 1177 923 1242 luce
937 1177 1049 1255 videri,

180 1277 201 1338 J
202 1275 304 1339 udicis
319 1281 472 1360 argutum
488 1300 568 1361 quae
583 1300 647 1341 non
662 1277 812 1340 formidat
827 1298 980 1352 acumem

180 1375 269 1438 Haec
284 1374 405 1457 placuit
419 1376 526 1454 semel,
541 1376 617 1440 haec
633 1374 734 1439 decies
751 1375 885 1458 repetita
899 1373 1047 1457 placebit.

179 1473 208 1536 O
223 1473 324 1556 major
332 1473 500 1555 juvenum,
515 1473 661 1558 quamvis
676 1479 709 1538 et
723 1495 799 1536 voce
812 1477 945 1554 paterna

179 1571 325 1655 Fingeris
339 1571 379 1636 ad
394 1577 515 1636 rectum
532 1579 566 1635 et
580 1595 636 1656 per
649 1578 682 1636 te
698 1571 792 1654 sapis,
806 1572 865 1634 hoc
881 1569 942 1633 tibi
957 1569 1078 1634 dictum

177 1669 264 1732 Tolle
278 1691 409 1748 memor,
424 1669 518 1734 certis
533 1669 672 1733 medium
688 1675 721 1732 et
734 1667 898 1732 tolerabile
913 1667 1008 1731 rebus

178 1769 276 1832 Recte
291 1767 429 1832 concedi.
475 1768 653 1832 Consultus
662 1768 747 1851 juris
761 1773 794 1831 et
809 1771 897 1830 actor

178 1867 353 1930 Causarum
369 1866 532 1930 mediocris
547 1867 636 1931 abest
649 1867 771 1930 virtute
785 1865 896 1928 diserti

176 1963 345 2028 Messallae
359 1986 416 2028 nec
432 1965 493 2029 scit
508 1970 664 2049 quantum
681 1963 851 2028 Cascellius
866 1963 979 2040 Aulus,

179 2062 242 2126 Sed
256 2069 365 2127 tamen
379 2063 414 2126 in
428 2062 531 2147 pretio
546 2070 613 2128 est:
637 2061 849 2127 mediocribus
864 2083 930 2125 esse
944 2058 1047 2144 poetis

177 2161 253 2224 Non
267 2160 422 2240 homines,
437 2183 501 2224 non
516 2161 561 2240 di,
576 2183 641 2225 non
657 2182 833 2224 concessere
848 2158 1023 2223 columnae.

178 2259 227 2323 Ut
241 2265 352 2343 gratas
367 2259 451 2324 inter
464 2281 590 2324 mensas
605 2257 794 2344 symphonia
809 2258 927 2321 discors

176 2358 220 2420 Et
233 2380 372 2421 crassum
386 2364 591 2442 unguentum
607 2364 640 2422 et
657 2357 756 2420 Sardo
771 2377 843 2419 cum
859 2354 952 2419 melle
966 2378 1104 2439 papaver

177 2455 363 2535 Offendunt,
378 2461 503 2540 poterat
517 2456 590 2520 duci
606 2455 682 2540 quia
696 2475 793 2519 coena
808 2453 875 2518 sine
890 2453 979 2518 istis:

177 2554 229 2618 Sic
245 2554 359 2619 animis
374 2562 488 2619 natum
503 2556 734 2639 inventumque
748 2559 862 2638 poema
872 2553 1035 2637 jurandis,

177 2653 210 2716 Si
225 2653 355 2738 paulum
371 2676 496 2718 summo
512 2654 654 2732 decessit,
669 2652 775 2737 vergit
790 2651 830 2716 ad
846 2652 958 2716 imum.

178 2751 299 2816 Ludere
314 2753 368 2835 qui
383 2752 485 2816 nescit
499 2751 730 2835 campestribus
745 2750 884 2814 abstinet
898 2750 1006 2828 armis,

176 2846 389 2931 Indoctusque
403 2849 485 2932 pilae
499 2849 618 2913 discive
633 2848 775 2912 trochive
790 2847 934 2930 quiescit,

176 2943 228 3008 Ne
242 2945 358 3028 spissae
374 2946 474 3009 risum
490 2946 607 3010 tollant
622 2946 752 3028 impune
767 2965 915 3008 coronae:

177 3042 242 3108 Qui
257 3043 360 3106 nescit
374 3065 483 3106 versus
497 3049 606 3107 tamen
621 3044 715 3106 audet
731 3041 859 3125 fingere.
905 3040 1052 3105 Quidni?

176 3141 274 3204 Liber
288 3146 322 3204 et
336 3141 507 3224 ingenuus,
523 3141 706 3224 praesertim
721 3163 831 3204 census
846 3144 1024 3223 equestrem

165 3363 222 3414 357.
231 3363 270 3426 fit
284 3363 482 3430 cameratio]
507 3365 552 3414 See
569 3365 631 3428 Epp.
651 3366 677 3414 ii.
690 3367 713 3414 1.
753 3379 890 3414 numerare
901 3363 1022 3412 inverted
1056 3363 1102 3412 See
1111 3363 1176 3414 aa.
1190 3367 1273 3413 aaa.

133 3429 180 3476 281
190 3444 215 3476 ιι.
250 3426 349 3491 [‘Thus
366 3429 393 3478 in
406 3431 592 3495 myjudgrnent
609 3431 641 3480 he
657 3431 713 3479 who
785 3431 842 3481 873.
865 3445 916 3478 rou
934 3444 1076 3478 remoram
1098 3429 1240 3494 columnae]
1267 3429 1334 3478 Tlrat

132 3493 202 3541 osten
213 3509 265 3542 erra
275 3493 388 3544 meumes
398 3497 503 3544 another
514 3495 672 3562 Choerilus.’]
753 3495 781 3552 is,
793 3496 837 3544 the
849 3494 1005 3544 bocksellers'
1024 3494 1101 3543 stalis.
1136 3495 1181 3543 See
1194 3495 1220 3544 S.
1235 3495 1252 3543 i.
1264 3497 1289 3542 4.
1300 3495 1332 3546 71

168 3556 237 3621 [359.
249 3559 408 3624 mundoque]
422 3561 713 3625 Equiralentto‘quan·
752 3575 786 3616 n..
809 3561 858 3609 and
881 3559 944 3623 Epp.
967 3559 983 3607 i.
1002 3561 1083 3609 19.1.
1128 3557 1149 3624 [‘
1160 3560 1307 3609 Concessere
1317 3561 1333 3608 :'

133 3621 278 3686 docunque?
312 3624 358 3673 See
368 3625 397 3674 0.
407 3625 441 3673 iv.
452 3627 475 3673 2.
488 3626 542 3691 ta]
752 3641 866 3688 compare
877 3625 941 3688 Epp.
953 3625 970 3673 i.
981 3627 1005 3672 2.
1016 3627 1057 3684 48,
1069 3625 1217 3691 ‘deduxit¹]

151 3689 222 3764 ¹366.
249 3689 271 3737 0
292 3691 376 3754 major·
390 3690 532 3804 juoeoumq
552 3692 636 3740 Acron
657 3705 713 3754 says
785 3691 842 3741 875.
860 3691 1009 3740 Sardorum
1023 3689 1107 3756 melle]
1134 3691 1265 3739 Sardinian
1283 3691 1333 3739 anti

132 3751 172 3800 lua
188 3767 260 3802 name
272 3769 322 3802 was
339 3755 438 3811 Lucius,
450 3756 514 3804 whic
551 3771 578 3804 sc
591 3758 630 3805 iar
648 3771 675 3805 aa
691 3756 712 3804 it
751 3754 866 3804 Corsican
884 3755 976 3820 honeys
993 3771 1085 3818 appear
1102 3761 1129 3804 to
1147 3756 1209 3805 have
1226 3757 1289 3804 been
1306 3757 1336 3804 of

132 3831 190 3880 goes
208 3818 229 3866 is
247 3819 347 3882 against
363 3835 410 3868 one
421 3821 449 3869 of
464 3821 507 3869 the
519 3821 626 3870 theorica
644 3835 711 3870 meu·
751 3820 853 3870 inferior
868 3821 971 3886 quality.
1005 3823 1051 3869 See
1068 3821 1092 3869 S.
1111 3821 1137 3870 ii.
1155 3823 1179 3869 2.
1197 3821 1228 3870 15
1246 3836 1271 3869 n.
1306 3820 1333 3869 lt

132 3883 217 3930 tioned
235 3883 262 3931 in
278 3884 322 3933 the
339 3885 520 3934 Introduction.
553 3886 633 3935 There
650 3901 713 3934 were
751 3901 853 3948 appears
878 3885 1038 3950 poppy-seeds
1060 3885 1157 3934 roasted
1179 3885 1228 3934 and
1250 3884 1333 3934 mixed

132 3949 182 3995 two
193 3963 257 4004 scus,
277 3948 326 3997 aad
341 3949 403 3998 both
422 3951 560 4014 ‘juvencas
573 3951 633 4001 both
645 3955 713 4000 must
751 3951 813 3999 with
825 3951 905 4015 houey
918 3967 980 4000 arere
997 3950 1083 3998 serred
1100 3951 1127 3998 in
1137 3951 1205 4014 early
1216 3951 1289 3999 times
1305 3955 1332 3998 at

131 4010 528 4078 haretalrentha‘togaviriiis!
752 4015 796 4064 tha
821 4016 910 4065 second
933 4031 1026 4064 course.
1064 4015 1149 4080 (Pliny
1167 4016 1217 4063 xix.
1236 4017 1260 4063 8.
1279 4015 1332 4078 53.)

166 4075 236 4140 [368.
251 4079 322 4127 Tolle
332 4080 437 4145 memor]
457 4080 712 4130 ‘Taheaudremem-
754 4079 872 4145 [‘Duoi:’
892 4079 1056 4144 ‘prolonget'
1091 4080 1155 4143 Epp.
1168 4081 1194 4129 ii.
1207 4083 1230 4128 2.
1242 4079 1314 4144 208]

132 4140 192 4190 ber?
225 4141 271 4192 See
284 4143 345 4207 Epp.
357 4146 374 4192 i.
386 4147 426 4194 18.
438 4147 477 4202 12,
489 4146 540 4194 aud
551 4147 576 4195 8.
590 4146 607 4195 i.
619 4148 659 4194 10.
671 4147 713 4204 51,
785 4148 841 4195 880.
854 4147 928 4208 pilae
937 4145 1030 4194 diseias
1038 4144 1159 4209 trochive]
1175 4145 1221 4194 See
1233 4145 1258 4194 S.
1269 4145 1295 4193 ii.
1308 4147 1331 4193 2.

131 4205 374 4274 and8‚i.4.11n.]
752 4212 804 4260 en.
838 4211 979 4258 ‘Coronae'
996 4211 1092 4259 arethe
1110 4211 1205 4259 crowds
1221 4209 1250 4258 of
1264 4225 1331 4272 spee-

165 4274 222 4322 369.
248 4274 381 4352 Gemellas
398 4275 471 4339 jar-ir
489 4279 514 4324 et
533 4278 606 4324 ocior
624 4291 712 4324 camo·
750 4279 832 4324 tatcrs
859 4275 978 4338 standing
1011 4277 1090 4324 round
1118 4279 1145 4324 tc
1172 4274 1255 4324 watch
1288 4275 1332 4324 the

131 4336 330 4452 Ciiiiigiishi
341 4341 713 4470 Caicilliuissvdishieiiiiiicohio·
751 4355 856 4470 pingi.
905 4405 1012 4470 Quidni]
1048 4403 1161 4464 ‘Quidni
1204 4406 1331 4456 audeati'

130 4466 219 4515 sultna.
256 4467 295 4518 He
312 4475 381 4518 must
399 4469 462 4518 hare
480 4469 542 4518 been
560 4471 623 4519 alive
640 4471 711 4518 when
752 4470 858 4534 Ritter.]

131 4531 183 4580 thir
194 4547 264 4595 poem
274 4549 324 4582 was
336 4535 443 4591 written,
455 4535 502 4584 but
512 4551 569 4600 vary
578 4535 627 4584 old.
660 4535 712 4584 The
785 4538 841 4585 388.
858 4551 944 4584 ceurae
955 4539 1088 4600 equestrem
1100 4535 1232 4600 amanam]
1259 4535 1331 4586 ‘Cera
