3342 5150
631 433 902 498 SATIRARUM
927 436 954 499 Ι.
980 439 1009 499 2.
1359 440 1421 501 343

301 604 442 669 Nomine
457 603 618 686 deeeptuS,
632 627 749 689 poenas
763 605 852 669 dedit
867 629 965 691 usque
980 630 1134 692 superque
1344 623 1378 673 65

301 704 407 769 Quam
422 702 498 765 satie
514 708 571 781 est,
586 703 705 786 pugnis
720 725 827 766 caesus
841 703 983 788 ferroque
997 705 1127 789 petitus,

300 802 458 866 Exclusus
472 800 537 864 fore
552 822 625 864 cum
641 802 849 884 Longarenus
863 801 945 867 foret
960 803 1059 868 intus.

302 899 388 963 Huic
404 899 431 962 si
446 898 588 962 mutonis
602 899 706 962 verbis
722 900 805 962 mala
819 905 911 963 tanta
924 901 1064 966 videntis

299 997 428 1062 Diceret
443 997 518 1060 haec
532 997 675 1062 animus:
700 1001 721 1032 “
732 997 819 1063 Quid
834 999 883 1061 vis
898 999 985 1062 tibi?
1007 1000 1165 1086 numquid
1179 1022 1239 1085 ego
1253 1023 1273 1063 a
1286 1006 1319 1064 te
1377 1003 1378 1007 ’

299 1096 423 1179 Magno
438 1101 631 1179 prognatum
647 1095 778 1179 deposco
794 1096 921 1161 consule
937 1119 1079 1162 cunnum
1342 1115 1376 1168 70

298 1195 513 1278 Velatumque
527 1194 609 1257 stola
623 1216 693 1258 mea
707 1216 782 1257 cum
797 1195 975 1259 conferbuit
988 1195 1036 1259 ira
1047 1197 1088 1260 ?”

299 1293 386 1358 Quid
401 1293 623 1375 responderet?
667 1293 824 1376 “Magno
838 1299 928 1376 patre
942 1299 1019 1358 nata
1033 1294 1137 1379 puella
1152 1295 1235 1360 est.”

297 1391 344 1455 At
358 1397 477 1475 quanto
491 1390 621 1454 meliora
635 1395 744 1454 monet
758 1392 1000 1478 pugnantiaque
1015 1393 1087 1458 istis

298 1489 397 1552 Dives
412 1489 479 1573 opis
495 1493 610 1552 natura
624 1511 707 1569 suae,
722 1495 761 1552 tu
775 1490 803 1553 si
817 1491 911 1555 modo
926 1497 1011 1556 recte

297 1587 487 1670 Dispensare
502 1587 581 1651 velis
596 1609 632 1651 ac
647 1610 712 1650 non
726 1587 879 1671 fugienda
893 1589 1037 1672 petendis

296 1685 488 1749 Immiscere.
533 1685 601 1748 Tuo
615 1685 695 1750 vitio
710 1707 855 1750 rerumne
870 1686 990 1750 labores

295 1783 355 1846 Nil
369 1783 482 1848 referre
497 1785 613 1867 putas?
659 1785 774 1863 Quare,
789 1807 829 1848 ne
844 1784 1006 1869 poeniteat
1020 1791 1064 1864 te,

296 1881 413 1947 Desine
429 1887 588 1946 matronas
604 1883 761 1961 sectarier,
776 1883 859 1947 unde
874 1883 989 1947 laboris

294 1980 370 2044 Plus
384 1980 510 2044 haurire
525 1979 600 2043 mali
615 1987 663 2044 est
679 2003 774 2065 quam
789 2003 828 2045 cx
842 2003 875 2045 re
891 1982 1053 2066 decerpere
1068 1981 1201 2046 fructus.

294 2079 363 2143 Nec
378 2078 481 2162 magis
495 2078 570 2142 huic
583 2079 667 2142 inter
682 2079 790 2142 niveos
805 2079 983 2164 viridesque
997 2080 1121 2163 lapillos
1338 2101 1372 2144 so

298 2177 363 2260 (Sit
377 2178 453 2241 licet
468 2177 539 2257 hoc,
554 2177 717 2255 Cerintho,
732 2165 838 2260 tuum)
859 2184 1007 2243 tenerum
1022 2183 1070 2242 est
1085 2179 1188 2241 femur
1203 2183 1259 2241 aut
1274 2201 1344 2244 crus

294 2273 437 2354 Rectius,
451 2281 547 2358 atque
562 2273 658 2338 etiam
674 2274 787 2338 melius
802 2298 948 2360 persaepe
964 2280 1095 2360 togatae
1110 2281 1170 2339 est.

293 2373 385 2436 Adde
399 2372 462 2436 huc
477 2371 560 2458 quod
575 2394 710 2437 mercem
726 2373 793 2437 sine
808 2373 889 2438 fucis
904 2379 1021 2457 gestat,
1035 2379 1143 2457 aperte

294 2472 388 2537 Quod
403 2470 512 2536 venale
526 2470 623 2536 habet
636 2471 787 2551 ostendit,
802 2494 861 2536 nee
877 2472 904 2536 si
919 2473 996 2557 quid
1010 2471 1137 2536 honesti
1152 2479 1200 2536 est

294 2570 403 2633 Jactat
416 2569 573 2654 habetque
587 2569 703 2653 palam,
720 2570 843 2654 quaerit
858 2592 919 2655 quo
935 2569 1041 2656 turpia
1055 2569 1144 2635 celet.
1336 2589 1369 2634 85

294 2668 438 2751 Regibus
452 2667 504 2732 hic
519 2690 587 2731 mos
602 2673 661 2746 est,
678 2668 734 2731 ubi
748 2690 844 2752 equos
859 2677 1040 2734 mercantur
1047 2695 1057 2748 ,-
1082 2675 1205 2753 opertos

293 2765 486 2848 Inspiciunt,
501 2788 541 2830 ne
557 2765 583 2828 si
598 2765 693 2830 facies
708 2772 746 2829 ut
760 2789 851 2850 saepe
866 2767 977 2832 deeora

293 2863 388 2927 Molli
403 2863 486 2928 fulta
499 2863 578 2947 pede
592 2869 641 2928 est
655 2870 830 2947 emptorem
845 2863 977 2930 inducat
990 2865 1143 2942 hiantem,

293 2961 388 3027 Quod
401 2962 549 3045 pulchrae
564 2961 682 3042 clunes,
696 2962 790 3027 breve
805 2962 890 3048 quod
905 2969 1010 3048 caput,
1025 2965 1122 3028 ardua
1136 2961 1251 3026 cervix.

293 3059 365 3123 Hoc
380 3059 428 3125 illi
442 3065 544 3124 recte:
566 3081 607 3124 ne
621 3059 758 3143 corporis
773 3059 894 3144 optima
909 3061 1031 3145 Lyncei
1335 3077 1369 3127 90

292 3157 511 3241 Contemplere
525 3157 634 3235 oculis,
651 3158 802 3242 Hypsaea
816 3157 936 3222 caecior
949 3157 1005 3220 illa

293 3255 382 3320 Quae
397 3255 480 3318 mala
495 3261 571 3319 sunt
586 3263 716 3339 spectes
762 3257 793 3320 O
809 3256 899 3320 crus!
922 3279 941 3320 o
956 3255 1100 3320 brachia!
1146 3256 1268 3346 Verum

291 3353 447 3438 Depugis,
463 3360 586 3431 nasuta,
601 3354 690 3418 brevi
704 3354 801 3419 latere
816 3377 852 3418 ac
866 3353 945 3438 pede
958 3355 1055 3437 longo
1070 3359 1128 3418 est.

291 3451 460 3516 Matronae
473 3458 597 3534 praeter
610 3452 723 3516 faciem
737 3452 784 3516 nil
799 3473 922 3517 cernere
938 3452 1047 3537 possis,

289 3551 412 3628 Cetera,
426 3550 461 3614 ni
478 3549 571 3614 Catia
585 3557 644 3630 cst,
658 3550 795 3615 demissa
809 3557 897 3616 veste
912 3551 1062 3635 tegentis.
1329 3569 1362 3620 95

201 3747 327 3826 daughter
334 3745 363 3812 [ς
375 3747 425 3796 and
435 3747 458 3798 it
468 3762 519 3796 was
529 3748 574 3836 tbp
591 3749 677 3797 notion
688 3749 717 3797 of
728 3747 788 3797 inti·
821 3747 866 3798 the
878 3749 963 3798 merita
974 3749 1003 3798 of
1010 3748 1055 3799 tha
1066 3749 1158 3799 several
1169 3748 1292 3815 readings,
1304 3751 1353 3800 and
1362 3751 1406 3800 the

200 3813 789 3944 iddahirdlddtddygirheddrindlddrhihbudebhbbdffii
821 3815 1103 3946 oebbogdibrliilmgdc
1118 3885 1177 3932 note
1193 3896 1225 3930 on
1243 3880 1270 3929 G.
1288 3880 1305 3929 i.
1322 3883 1346 3928 4.
1364 3883 1404 3930 14.

201 3941 364 4006 Longarenus
380 3943 479 4007 maybe
496 3959 545 4009 any
556 3944 629 4009 body.
663 3943 788 3993 ‘Fore'is
822 3943 853 3992 In
864 3960 930 3993 some
942 3945 1015 3994 Mss,
1025 3947 1076 3995 this
1087 3946 1137 3996 linc
1148 3947 1220 3996 letha
1231 3944 1367 4008 beginning
1378 3946 1407 3994 of

200 4008 245 4056 the
262 4009 369 4058 ablativa
379 4009 409 4058 oi
422 4008 514 4058 ‘foris’
821 4025 900 4058 ancw
912 4011 1001 4060 Sotira.

234 4071 290 4137 [68.
301 4072 422 4138 videntia]
440 4073 493 4122 The
506 4073 561 4122 best
572 4073 676 4136 reading
687 4073 786 4122 accord·
853 4077 893 4124 91.
921 4076 1044 4139 Hypsaea
1071 4075 1169 4124 caesim·
1192 4073 1254 4138 illa]
1289 4073 1324 4122 Το
1351 4073 1403 4121 this

201 4137 337 4201 ingtothe
349 4137 422 4187 MSS.
432 4139 453 4186 is
472 4137 595 4187 ‘videnti'
630 4139 721 4196 Itittcr,
731 4139 786 4187 who
819 4154 915 4187 woman
933 4141 1015 4204 Porph
1047 4139 1087 4188 'on
1102 4140 1170 4201 gives
1181 4137 1225 4187 ths
1236 4151 1308 4186 name
1320 4135 1402 4186 Plotia

200 4202 246 4250 has
265 4203 488 4260 ‘vidonti‚’rnakes
504 4204 623 4267 ajoculsr
640 4203 736 4252 remark
754 4219 785 4252 on
819 4219 847 4252 or
867 4205 975 4253 Plautia.
1009 4157 1151 4252 ddlknow
1169 4218 1202 4251 no
1223 4203 1339 4252 more'of
1356 4201 1402 4252 hcr

200 4267 337 4326 ‘videntia'
345 4268 426 4317 which
437 4268 695 4318 Heindorfdefended.
718 4269 786 4318 Both
818 4270 881 4317 than
900 4271 967 4318 what
986 4269 1031 4317 the
1050 4270 1105 4316 text
1127 4267 1183 4316 tells
1204 4282 1241 4315 us.
1275 4267 1313 4316 0f
1329 4266 1401 4316 Catia

199 4333 454 4398 notcsarecurious.]
819 4333 950 4397 Cruquius’
963 4332 1151 4382 Scholiasttells
1162 4347 1235 4380 ussa
1246 4331 1362 4381 anecdota
1373 4333 1400 4381 in

230 4397 286 4462 81.]
305 4399 365 4448 This
415 4401 441 4448 rt
461 4397 490 4447 of
503 4399 547 4448 the
564 4398 645 4448 Satira
662 4398 684 4446 is
700 4399 786 4448 rather
818 4399 992 4447 confirmation
1011 4399 1040 4446 of
1056 4397 1100 4445 her
1119 4397 1252 4446 chamelaea
1271 4398 1399 4462 impurity,

197 4462 309 4521 obscure,
327 4465 410 4528 party
422 4463 485 4514 from
502 4464 547 4512 the
560 4465 684 4513 variation
701 4465 729 4513 of
742 4465 786 4513 the
819 4464 900 4513 which
912 4479 1013 4528 appears
1024 4466 1052 4511 to
1066 4463 1129 4510 hauc
1140 4461 1202 4510 been
1217 4463 1400 4526 preambulas

196 4527 272 4576 MSS.
307 4527 401 4592 Ihopc
419 4528 432 4577 I
450 4527 513 4577 shall
531 4533 576 4577 not
592 4529 622 4577 be
642 4529 784 4578 considered
818 4529 953 4593 Hypsaea's
971 4529 1096 4577 blindness
1119 4541 1197 4576 seems
1216 4527 1266 4578 also
1287 4531 1315 4578 to
1337 4529 1400 4578 haec

196 4593 396 4642 orersastidious
414 4593 463 4642 ifl
481 4593 576 4643 decline
592 4594 707 4658 enter-ing
717 4610 784 4658 upon
816 4595 887 4644 been.
